
@inproceedings{kim_meeting_2008,
	title = {Meeting mediator: enhancing group collaboration with sociometric feedback},
	booktitle = {{CHI}'08 {Extended} {Abstracts} on {Human} {Factors} in {Computing} {Systems}},
	publisher = {ACM},
	author = {Kim, Taemie and Chang, Agnes and Holland, Lindsey and Pentland, Alex Sandy},
	year = {2008},
	pages = {3183--3188},
	annote = {concerned \#1 with "dominance"},
	annote = {did NOT find an increase in performance},
	annote = {


in groups with one or more dominant people, reduced the dynamical difference between co-located and distributed collaboration as well as the behavioral difference between dominant and non-dominant people. 


},
	annote = {"more polite and collaborative" but found no effects on performance......},
	file = {TR-621.pdf:/Users/ffff/Library/Application Support/Zotero/Profiles/7dlfw4z1.default/zotero/storage/5FRTT2QD/TR-621.pdf:application/pdf}
}

@article{bergstrom_social_2009,
	title = {Social mirrors as social signals: transforming audio into graphics},
	volume = {29},
	number = {5},
	journal = {Computer Graphics and Applications, IEEE},
	author = {Bergstrom, T and Karahalios, K},
	year = {2009},
	pages = {22--32},
	annote = {while past work has focused on the "social mirror" - a shared feedback mechanism, often a visualization - in this work we investigate the affordances of transmitting social cues through private backchannels.}
}

@inproceedings{bell_intimate_2003,
	title = {Intimate {Ubiquitous} {Computing}},
	booktitle = {In: {Proceedings} of {Ubicomp} 2003, {ACM}},
	publisher = {Press},
	author = {Bell, Genevieve and Brooke, Tim and Churchill, Elizabeth and Paulos, Eric},
	year = {2003},
	pages = {3--6}
}

@phdthesis{sung_pokermetrics:_2005,
	title = {{PokerMetrics}: {Stress} and lie detection through non-invasive physiological sensing},
	school = {Ph. D. thesis, MIT Media Laboratory},
	author = {Sung, Michael and Pentland, AP},
	year = {2005}
}

@article{ali_empirical_2014,
	title = {Empirical neuroenchantment: from reading minds to thinking critically},
	volume = {8},
	issn = {1662-5161},
	shorttitle = {Empirical neuroenchantment},
	url = {http://www.frontiersin.org/Human_Neuroscience/10.3389/fnhum.2014.00357/abstract},
	doi = {10.3389/fnhum.2014.00357},
	urldate = {2014-06-14},
	journal = {Frontiers in Human Neuroscience},
	author = {Ali, Sabrina S. and Lifshitz, Michael and Raz, Amir},
	month = may,
	year = {2014}
}

@inproceedings{aharony_social_2011,
	title = {The social {fMRI}: measuring, understanding, and designing social mechanisms in the real world},
	isbn = {9781450306300},
	shorttitle = {The social {fMRI}},
	url = {http://dl.acm.org/citation.cfm?doid=2030112.2030171},
	doi = {10.1145/2030112.2030171},
	language = {en},
	urldate = {2014-11-21},
	publisher = {ACM Press},
	author = {Aharony, Nadav and Pan, Wei and Ip, Cory and Khayal, Inas and Pentland, Alex},
	year = {2011},
	pages = {445},
	annote = {used overt social pressure to increase activity
peer-view:  bidirectional visibility of activity level
peer-reward: subjects reward depends solely on performance of Buddies}
}

@inproceedings{bergstrom_conversation_2007,
	title = {Conversation {Clock}: {Visualizing} audio patterns in co-located groups},
	shorttitle = {Conversation {Clock}},
	url = {http://ieeexplore.ieee.org/lpdocs/epic03/wrapper.htm?arnumber=4076529},
	doi = {10.1109/HICSS.2007.151},
	urldate = {2014-11-24},
	publisher = {IEEE},
	author = {Bergstrom, Tony and Karahalios, Karrie},
	year = {2007},
	pages = {78--78}
}

@book{donath_social_2014,
	address = {Cambridge, MA},
	title = {The social machine: designs for living online},
	isbn = {9780262027014},
	shorttitle = {The social machine},
	publisher = {MIT Press},
	author = {Donath, Judith},
	year = {2014},
	keywords = {Online social networks, social media},
	annote = {Preface -- Acknowledgments -- Design shapes society -- Social landscapes -- Interfaces make meaning -- Mapping social networks -- Evolving social supernetworks -- Visible conversations -- Contested boundaries -- Data portraits -- Privacy and public spce -- Embodied interactions -- Constructing identity -- Social catalysts -- Conclusion -- Notes -- References},
	file = {donnat4.pdf:/Users/ffff/Library/Application Support/Zotero/Profiles/7dlfw4z1.default/zotero/storage/X7RIHV7F/donnat4.pdf:application/pdf;donnath2.pdf:/Users/ffff/Library/Application Support/Zotero/Profiles/7dlfw4z1.default/zotero/storage/FS458P8J/donnath2.pdf:application/pdf;donnath6.pdf:/Users/ffff/Library/Application Support/Zotero/Profiles/7dlfw4z1.default/zotero/storage/R28XGRGT/donnath6.pdf:application/pdf;donnath7.pdf:/Users/ffff/Library/Application Support/Zotero/Profiles/7dlfw4z1.default/zotero/storage/FNHN63DX/donnath7.pdf:application/pdf;donnath9.pdf:/Users/ffff/Library/Application Support/Zotero/Profiles/7dlfw4z1.default/zotero/storage/JZKQZJ2K/donnath9.pdf:application/pdf;donnathbib.pdf:/Users/ffff/Library/Application Support/Zotero/Profiles/7dlfw4z1.default/zotero/storage/84J7G24P/donnathbib.pdf:application/pdf}
}

@inproceedings{bergstrom_distorting_2012,
	title = {Distorting {Social} {Feedback} in {Visualizations} of {Conversation}},
	isbn = {978-1-4577-1925-7, 978-0-7695-4525-7},
	url = {http://ieeexplore.ieee.org/lpdocs/epic03/wrapper.htm?arnumber=6148670},
	doi = {10.1109/HICSS.2012.222},
	urldate = {2015-05-01},
	publisher = {IEEE},
	author = {Bergstrom, Tony and Karahalios, Karrie},
	month = jan,
	year = {2012},
	pages = {533--542}
}

@inproceedings{lane_connecting_2014,
	title = {Connecting personal-scale sensing and networked community behavior to infer human activities},
	isbn = {9781450329682},
	url = {http://dl.acm.org/citation.cfm?doid=2632048.2636094},
	doi = {10.1145/2632048.2636094},
	language = {en},
	urldate = {2015-05-03},
	publisher = {ACM Press},
	author = {Lane, Nicholas D. and Pengyu, Li and Zhou, Lin and Zhao, Feng},
	year = {2014},
	pages = {595--606}
}

@article{picard_affective_1997,
	title = {Affective wearables},
	volume = {1},
	issn = {0949-2054, 1617-4917},
	url = {http://link.springer.com/10.1007/BF01682026},
	doi = {10.1007/BF01682026},
	language = {en},
	number = {4},
	urldate = {2015-05-15},
	journal = {Personal Technologies},
	author = {Picard, R. W. and Healey, J.},
	month = dec,
	year = {1997},
	pages = {231--240}
}

@article{cook_trust_2005,
	title = {Trust {Building} via {Risk} {Taking}: {A} {Cross}-{Societal} {Experiment}},
	volume = {68},
	issn = {0190-2725, 1939-8999},
	shorttitle = {Trust {Building} via {Risk} {Taking}},
	url = {http://spq.sagepub.com/cgi/doi/10.1177/019027250506800202},
	doi = {10.1177/019027250506800202},
	language = {en},
	number = {2},
	urldate = {2015-05-22},
	journal = {Social Psychology Quarterly},
	author = {Cook, K. S. and Yamagishi, T. and Cheshire, C. and Cooper, R. and Matsuda, M. and Mashima, R.},
	month = jun,
	year = {2005},
	keywords = {trust},
	pages = {121--142}
}

@article{cheshire_trust_2010,
	title = {Trust and {Transitions} in {Modes} of {Exchange}},
	issn = {0190-2725},
	url = {http://spq.sagepub.com/cgi/doi/10.1177/0190272509359615},
	doi = {10.1177/0190272509359615},
	language = {en},
	urldate = {2015-05-22},
	journal = {Social Psychology Quarterly},
	author = {Cheshire, C. and Gerbasi, A. and Cook, K. S.},
	month = jan,
	year = {2010}
}

@article{janssen_intimate_2010,
	title = {Intimate {Heartbeats}: {Opportunities} for {Affective} {Communication} {Technology}},
	volume = {1},
	issn = {1949-3045},
	shorttitle = {Intimate {Heartbeats}},
	url = {http://ieeexplore.ieee.org/lpdocs/epic03/wrapper.htm?arnumber=5611482},
	doi = {10.1109/T-AFFC.2010.13},
	number = {2},
	urldate = {2015-05-22},
	journal = {IEEE Transactions on Affective Computing},
	author = {Janssen, Joris H. and Bailenson, Jeremy N. and IJsselsteijn, Wijnand A. and Westerink, Joyce H.D.M.},
	month = jul,
	year = {2010},
	pages = {72--80}
}

@article{anderson_numbers_2009,
	title = {Numbers {Have} {Qualities} {Too}: {Experiences} with {Ethno}-{Mining}},
	volume = {2009},
	issn = {1559890X, 15598918},
	shorttitle = {Numbers {Have} {Qualities} {Too}},
	url = {http://doi.wiley.com/10.1111/j.1559-8918.2009.tb00133.x},
	doi = {10.1111/j.1559-8918.2009.tb00133.x},
	language = {en},
	number = {1},
	urldate = {2015-06-11},
	journal = {Ethnographic Praxis in Industry Conference Proceedings},
	author = {Anderson, Ken and Nafus, Dawn and Rattenbury, Tye and Aipperspach, Ryan},
	month = aug,
	year = {2009},
	pages = {123--140}
}

@inproceedings{lyons_dont_2012,
	title = {Don't forget about the sweat: effortful embodied interaction in support of learning},
	booktitle = {Proceedings of the {Sixth} {International} {Conference} on {Tangible}, {Embedded} and {Embodied} {Interaction}},
	publisher = {ACM},
	author = {Lyons, Leilah and Slattery, Brian and Jimenez, Priscilla and Lopez, Brenda and Moher, Tom},
	year = {2012},
	pages = {77--84}
}

@inproceedings{slovak_understanding_2012,
	title = {Understanding heart rate sharing: towards unpacking physiosocial space},
	isbn = {9781450310154},
	shorttitle = {Understanding heart rate sharing},
	url = {http://dl.acm.org/citation.cfm?doid=2207676.2208526},
	doi = {10.1145/2207676.2208526},
	language = {en},
	urldate = {2015-06-11},
	publisher = {ACM Press},
	author = {Slovák, Petr and Janssen, Joris and Fitzpatrick, Geraldine},
	year = {2012},
	pages = {859}
}

@article{disessa_knowledge_1988,
	title = {Knowledge in pieces},
	author = {Disessa, Andy A},
	year = {1988}
}

@article{crawford_our_2015,
	title = {Our metrics, ourselves: {A} hundred years of self-tracking from the weight scale to the wrist wearable device},
	volume = {18},
	number = {4-5},
	journal = {European Journal of Cultural Studies},
	author = {Crawford, Kate and Lingel, Jessa and Karppi, Tero},
	year = {2015},
	pages = {479--496}
}

@article{parkinson_emotions_2014,
	title = {Emotions in interpersonal life: {Computer} mediation, modeling, and simulation},
	journal = {The Oxford Handbook of Affective Computing},
	author = {Parkinson, Brian},
	year = {2014},
	pages = {68}
}

@misc{mcnell_who_2015,
	title = {Who {Sexts} {Thumbprints}?},
	url = {https://medium.com/message/who-sexts-thumbprints-2138641c98c},
	abstract = {Jamie and Eliza’s quantified love is too physical for the network.},
	journal = {Medium},
	author = {McNell, Joanne},
	month = mar,
	year = {2015}
}

@article{donath_signals_2011,
	title = {Signals, truth, and design},
	journal = {Manuscript available:{\textless} http://smg. media. mit. edu/people/Judith/signalsTruthDesign. html},
	author = {Donath, Judith},
	year = {2011}
}

@article{goffman_presentation_1959,
	title = {The presentation of self in everyday life},
	author = {Goffman, Erving and {others}},
	year = {1959}
}

@book{rose_politics_2007,
	title = {The politics of life itself: {Biomedicine}, power, and subjectivity in the twenty-first century},
	publisher = {Princeton University Press},
	author = {Rose, Nikolas},
	year = {2007}
}

@article{bell_yesterdays_2007,
	title = {Yesterday’s tomorrows: notes on ubiquitous computing’s dominant vision},
	volume = {11},
	number = {2},
	journal = {Personal and Ubiquitous Computing},
	author = {Bell, Genevieve and Dourish, Paul},
	year = {2007},
	pages = {133--143}
}

@book{dunne_design_2001,
	title = {Design noir: {The} secret life of electronic objects},
	publisher = {Springer Science \& Business Media},
	author = {Dunne, Anthony and Raby, Fiona},
	year = {2001}
}

@book{foucault_security_2009,
	title = {Security, {Territory}, {Population}: {Lectures} at the {Collège} de {France} 1977–1978},
	volume = {4},
	publisher = {Macmillan},
	author = {Foucault, Michel and Senellart, Michel and Burchell, Graham and Ewald, François and Fontana, Alessandro},
	year = {2009}
}

@incollection{keogh_augmented_2002,
	title = {An augmented visual query mechanism for finding patterns in time series data},
	booktitle = {Flexible {Query} {Answering} {Systems}},
	publisher = {Springer},
	author = {Keogh, Eamonn and Hochheiser, Harry and Shneiderman, Ben},
	year = {2002},
	pages = {240--250}
}

@article{shea_surfing_2001,
	title = {Surfing the implicit wave},
	volume = {54},
	number = {3},
	journal = {The Quarterly Journal of Experimental Psychology: Section A},
	author = {Shea, Charles H and Wulf, Gabriele and Whitacre, Chad A and Park, Jin-Hoon},
	year = {2001},
	pages = {841--862}
}

@book{zvonkin_math_2011,
	title = {Math from three to seven: the story of a mathematical circle for preschoolers},
	volume = {5},
	publisher = {American Mathematical Soc.},
	author = {Zvonkin, Aleksandr Kalmanovich},
	year = {2011},
	file = {mcl-5-prev.pdf:/Users/ffff/Library/Application Support/Zotero/Profiles/7dlfw4z1.default/zotero/storage/ABW7TFCV/mcl-5-prev.pdf:application/pdf}
}

@article{drucker_humanities_2011,
	title = {Humanities approaches to graphical display},
	volume = {5},
	number = {1},
	journal = {Digital Humanities Quarterly},
	author = {Drucker, Johanna},
	year = {2011},
	pages = {1--21}
}

@article{estrin_open_2010,
	title = {Open {mHealth} architecture: an engine for health care innovation},
	volume = {330},
	number = {6005},
	journal = {Science(Washington)},
	author = {Estrin, Deborah and Sim, Ida},
	year = {2010},
	pages = {759--760}
}

@article{latvala_longitudinal_2015,
	title = {A {Longitudinal} {Study} of {Resting} {Heart} {Rate} and {Violent} {Criminality} in {More} {Than} 700 000 {Men}},
	volume = {72},
	issn = {2168-622X},
	url = {http://archpsyc.jamanetwork.com/article.aspx?doi=10.1001/jamapsychiatry.2015.1165},
	doi = {10.1001/jamapsychiatry.2015.1165},
	language = {en},
	number = {10},
	urldate = {2015-11-06},
	journal = {JAMA Psychiatry},
	author = {Latvala, Antti and Kuja-Halkola, Ralf and Almqvist, Catarina and Larsson, Henrik and Lichtenstein, Paul},
	month = oct,
	year = {2015},
	pages = {971}
}

@inproceedings{snyder_moodlight:_2015,
	title = {{MoodLight}: {Exploring} {Personal} and {Social} {Implications} of {Ambient} {Display} of {Biosensor} {Data}},
	isbn = {9781450329224},
	shorttitle = {{MoodLight}},
	url = {http://dl.acm.org/citation.cfm?doid=2675133.2675191},
	doi = {10.1145/2675133.2675191},
	language = {en},
	urldate = {2015-11-06},
	publisher = {ACM Press},
	author = {Snyder, Jaime and Matthews, Mark and Chien, Jacqueline and Chang, Pamara F. and Sun, Emily and Abdullah, Saeed and Gay, Geri},
	year = {2015},
	pages = {143--153}
}

@article{ames_charismatic_2015,
	title = {Charismatic {Technology}},
	volume = {1},
	issn = {2445-7221},
	url = {http://ojs.statsbiblioteket.dk/index.php/ashcc/article/view/21199},
	doi = {10.7146/aahcc.v1i1.21199},
	number = {1},
	urldate = {2015-11-06},
	journal = {Aarhus Series on Human Centered Computing},
	author = {Ames, Morgan G.},
	month = oct,
	year = {2015},
	pages = {12}
}